<record><leader>00000cas a22000007a 4500</leader><controlfield tag="001">17655632</controlfield><controlfield tag="008">880321c19709999ohudn ne      0    0eng d</controlfield><datafield ind1=" " ind2=" " tag="010"><subfield code="a">sn 88078329 </subfield></datafield><datafield ind1=" " ind2=" " tag="040"><subfield code="a">ONP</subfield><subfield code="b">eng</subfield><subfield code="c">ONP</subfield><subfield code="d">OCLCQ</subfield></datafield><datafield ind1=" " ind2=" " tag="042"><subfield code="a">msc</subfield></datafield><datafield ind1="0" ind2=" " tag="130"><subfield code="a">Evening review (East Liverpool, Ohio : 1970)</subfield></datafield><datafield ind1="1" ind2="4" tag="245"><subfield code="a">The Evening review.</subfield></datafield><datafield ind1=" " ind2=" " tag="260"><subfield code="a">East Liverpool, Ohio :</subfield><subfield code="b">Thomson-Brush-Moore Newspapers, Inc.,</subfield><subfield code="c">1970-</subfield></datafield><datafield ind1=" " ind2=" " tag="300"><subfield code="a">v.</subfield></datafield><datafield ind1=" " ind2=" " tag="310"><subfield code="a">Daily (except Sun.)</subfield></datafield><datafield ind1="0" ind2=" " tag="362"><subfield code="a">Vol. 91, no. 85 (Feb. 1, 1970)-</subfield></datafield><datafield ind1=" " ind2=" " tag="752"><subfield code="a">United States</subfield><subfield code="b">Ohio</subfield><subfield code="c">Columbiana</subfield><subfield code="d">East Liverpool.</subfield></datafield><datafield ind1="0" ind2="0" tag="780"><subfield code="t">East Liverpool review</subfield><subfield code="w">(DLC)sn 83035520</subfield></datafield></record>